<?xml version="1.0" encoding="UTF-8"?><record xmlns="http://www.loc.gov/MARC21/slim" xmlns:cinclude="http://apache.org/cocoon/include/1.0" xmlns:zs="http://www.loc.gov/zing/srw/">
  <leader>00961cz  a2200217n  4500</leader>
  <controlfield tag="001">n  85303079 </controlfield>
  <controlfield tag="003">DLC</controlfield>
  <controlfield tag="005">20080619080525.0</controlfield>
  <controlfield tag="008">860625n| acannaabn          |a aaa     c</controlfield>
  <datafield tag="010" ind1=" " ind2=" ">
    <subfield code="a">n  85303079 </subfield>
  </datafield>
  <datafield tag="035" ind1=" " ind2=" ">
    <subfield code="a">(OCoLC)oca01625042</subfield>
  </datafield>
  <datafield tag="035" ind1=" " ind2=" ">
    <subfield code="a">(Uk)001613254</subfield>
  </datafield>
  <datafield tag="040" ind1=" " ind2=" ">
    <subfield code="a">CSt</subfield>
    <subfield code="b">eng</subfield>
    <subfield code="c">DLC</subfield>
    <subfield code="d">DLC</subfield>
    <subfield code="d">OCoLC</subfield>
    <subfield code="d">Uk</subfield>
  </datafield>
  <datafield tag="100" ind1="1" ind2=" ">
    <subfield code="a">T︠S︡vet, Mikhail Semenovich,</subfield>
    <subfield code="d">1872-1919</subfield>
  </datafield>
  <datafield tag="400" ind1="1" ind2=" ">
    <subfield code="a">Tswett, Michael,</subfield>
    <subfield code="d">1872-1919</subfield>
  </datafield>
  <datafield tag="400" ind1="1" ind2=" ">
    <subfield code="a">Tsvett, Michael Semenovich,</subfield>
    <subfield code="d">1872-1919</subfield>
  </datafield>
  <datafield tag="400" ind1="1" ind2=" ">
    <subfield code="a">Tswet, Michael Semenovich,</subfield>
    <subfield code="d">1872-1919</subfield>
  </datafield>
  <datafield tag="400" ind1="1" ind2=" ">
    <subfield code="a">Zwet, Michael Semenovich,</subfield>
    <subfield code="d">1872-1919</subfield>
  </datafield>
  <datafield tag="400" ind1="1" ind2=" ">
    <subfield code="a">Czet, Michael Semenovich,</subfield>
    <subfield code="d">1872-1919</subfield>
  </datafield>
  <datafield tag="670" ind1=" " ind2=" ">
    <subfield code="a">Sakodynskiĭ, K. I. Mikhail Semenovich T︠S︡vet i khromatografii︠a︡, 1972:</subfield>
    <subfield code="b">p. 5 (b. 1872) p. 39 (d. 1919) p. 69 (Michael Tswett's)</subfield>
  </datafield>
  <datafield tag="670" ind1=" " ind2=" ">
    <subfield code="a">Wikipedia, 17 Jun. 2008</subfield>
    <subfield code="b">(Mikhail Semyonovich Tsvet (also spelled Tsvett, Tswett, Tswet, Zwet, and Cvet) (1872--1919) was a Russian botanist who invented adsorption chromatography)</subfield>
  </datafield>
</record>